<?xml version="1.0" encoding="UTF-8"?><collection xmlns="http://www.loc.gov/MARC21/slim"><record><leader>00327nam--2200133-i-4500</leader><controlfield tag="001">000036629</controlfield><controlfield tag="002">20161230</controlfield><controlfield tag="005">20161230201041</controlfield><controlfield tag="008">060222s1000------------r-----000-0-eng-d</controlfield><datafield ind1=" " ind2=" " tag="080"><subfield code="a">336</subfield></datafield><datafield ind1=" " ind2=" " tag="100"><subfield code="a">Pop,Teofil</subfield></datafield><datafield ind1=" " ind2=" " tag="245"><subfield code="a">Valoorificarea creantelor prin poprire</subfield></datafield><datafield ind1=" " ind2=" " tag="260"><subfield code="a">Bucuresti, Ed.Stiintifica, 1972. 227p</subfield></datafield><datafield ind1=" " ind2=" " tag="852"><subfield code="a">45097</subfield></datafield></record></collection>